@article{ref-1,
	author	=	"M. Grivan and M. E. J. Newman",
	title	=	"Community structure in social and biological networks",
	journal	=	"Proc. Natl. Acad. Sci. USA",
	volume	=	"99",
	number	=	"12",
	pages	=	"7821--7826",
	year	=	"2002",
	DOI		=	"10.1073/pnas.122653799"
}
@article{ref-2,
	author	=	"M. A. Porter and J. -P. Onnela and P. J. Mucha",
	title	=	"Communities in Networks",
	journal	=	"North Amer. Math. Soc.",
	volume	=	"56",
	pages	=	"1082--1097, 1164--1166",
	year	=	"2009"
}
@article{ref-3,
	author	=	"J. Reichardt and M. Leone",
	title	=	"(Un)detectable Cluster Structure in Sparse Networks",
	journal	=	"Phys. Rev. Lett.",
	volume	=	"101",
	number	=	"078701",
	pages	=	"1--4",
	year	=	"2008"
}
@article{ref-4,
	author	=	"A. Decelle and F. Krzakala and C. Moore and L. Zdeborova",
	title	=	"Inference and Phase Transitions in the Detection of Modules in Sparse Networks",
	journal	=	"Phys. Rev. Lett.",
	volume	=	"107",
	number	=	"065701",
	pages	=	"1--5",
	year	=	"2011"
}
@article{ref-5,
	author	=	"R. R. Nadakuditi and M. E. J Newman",
	title	=	"Graph Spectra and the Detectability of Community Structure in Networks",
	journal	=	"Phys. Rev. Lett.",
	volume	=	"108",
	number	=	"188701",
	pages	=	"1--5",
	year	=	"2012"
}
@article{ref-6,
	author	=	"Santo Fortunato",
	title	=	"Community detection in graphs",
	journal =	"Physics Reports",
	volume	=	"486",
	number	=	"3--5",
	pages	=	"75--174",
	year	=	"2010",
	DOI		=	"10.1016/j.physrep.2009.11.002"
}
@article{ref-7,
	author	=	"T. Hastie and R. Tibshirani and J. H. Friedman",
	title	=	"The Elements of Statistical Learning",
	journal =	"Springer, Berlin, Germany",
	year	=	"2001"
}
@article{ref-8,
	author	=	"R. S. Burt",
	title	=	"Position in Networks",
	journal =	"Soc. Forcess",
	volume	=	"55",
	pages	=	"93--122",
	year	=	"1976"
}
@article{ref-9,
	author	=	"S. Wasserman and K. Faust",
	title	=	"Social Network Analysis",
	journal =	"Cambridge University Press, Cambridge, UK",
	year	=	"1994"
}
@article{ref-10,
	author	=	"F. Lorrain and H. White",
	title	=	"Structural equivalence of individuals in social networks",
	journal =	"J. Math. Sociol.",
	volume	=	"1",
	pages	=	"49--80",
	year	=	"1971"
}
@article{ref-11,
	author	=	"L. C. Freeman",
	title	=	"A Set of measures of centrality based on betweenness",
	journal =	"Sociometry",
	volume	=	"40",
	pages	=	"35--41",
	year	=	"1977"
}
@article{ref-12,
	author	=	"M. E. J. Newman and M. Girvan",
	title	=	"Finding and Evaluating community structure in networks",
	journal =	"Phys. Rev.",
	volume	=	"E 69",
	number	=	"2",
	year	=	"2004"
}
@article{ref-13,
	author	=	"M. E. J. Newman",
	title	=	"Fast Algorithm for detecting community structure in networks",
	journal =	"Phys. Rev.",
	volume	=	"69",
	number	=	"6",
	year	=	"2004",
	DOI		=	"10.1103/PhysRevE.69.066133"
}
@article{ref-14,
	author	=	"J. Kleinberg",
	title	=	"An impossibility theorem for clustering: Advances in NIPS 15",
	journal =	"MIT Press, Boston, USA",
	pages	=	"446--453",
	year	=	"2002"
}
@article{ref-15,
	author	=	"M. Tumminello and F. Lillo and R. N. Mantegna",
	title	=	"Correlation, hierarchies and networks in financial markets",
	journal =	"eprint arXiv",
	volume	=	"0809.4615"
}
@book{ref-16,
	author	=	"Remco van der Hofstad",
	title	=	"Random graphs and complex networks",
	pages	=	"149"
}
@article{ref-17,
	author	=	"P. Ruppel",
	title	=	"Digital Communities",
	journal =	"TU Berlin - Lecture notes on network analysis",
	volume	=	"1",
	number	=	"4",
	pages	=	"93--94",
	year	=	"2017",
	DOI		=	"http://snet.tu-berlin.de"
}
@article{ref-18,
	author	=	"U. Brandes and D. Delling and M. Gaertler and R. Gorke, M. Hoefer and Z. Nikolski and D. Wagner",
	title	=	"On modularity - np completeness and beyond",
	journal =	"URL http://digbib.ubka.uni-karlshure.de/volltexte/documents/3255",
	DOI		=	"http://digbib.ubka.uni-karlshure.de/volltexte/documents/3255"
}
@article{ref-19,
	author	=	"S. Battiston and J. B. Glattfelder and D. Garlaschelli and F. Lillo and G. Caldarelli",
	title	=	"The structure of financial networks",
	journal =	"Springer London",
	volume	=	"44",
	number	=	"8",
	pages	=	"131--163",
	year	=	"2010",
	DOI		=	"http://link.springer.com/10.1007/978-1-84996-396-1_7"
}
@article{ref-20,
	author	=	"M. Boss and H. Elsinger and M. Summer and S. Thurner",
	title	=	"Network topology of the interbank market",
	journal =	"Quant. Finance",
	volume	=	"4",
	pages	=	"677--684",
	year	=	"2004"
}
@article{ref-21,
	author	=	"P. Erdös and A. Rényi",
	title	=	"On random graphs. I.",
	journal	=	"Publ. Math. Debrecen",
	volume	=	"6",
	pages	=	"290--297",
	year	=	"1959"
}
@article{ref-22,
	author	=	"F. Radicchi and C. Castellano and F. Cecconi and V. Loreto and D. Parisi",
	title	=	"Defining and identifying communities in networks",
	journal =	"Proc. Natl. Acad. Sci. USA",
	volume	=	"101",
	pages	=	"2658--2663",
	year	=	"2004"
}
@article{ref-23,
	author	=	"G. Palla and A. L. Barabasi and T. Vicsek",
	title	=	"Quantifying social group evolution",
	journal =	"Nature",
	volume	=	"446",
	pages	=	"664--667",
	year	=	"2007"
}
@article{ref-24,
	author	=	"D. J. C. Mackay",
	title	=	"Information Theory, Inference and Learning Algorithms",
	journal =	"Cambridge University Press, Cambridge, UK",
	year	=	"2003"
}
@article{ref-25,
	author	=	"S. P. Borgatti and A. Mehra and D. J. Brass and G. Labianca",
	title	=	"Network Analysis in the Social Sciences",
	journal =	"Sciencemag",
	volume	=	"323",
	pages	=	"892--895",
	year	=	"2009"
}
@article{ref-26,
	author	=	"S. Mancoridis and B. S. Mitchell and C. Rorres and Y. Chen and E. R. Gansner",
	title	=	"Using automatic clustering to produce high-level system organizations of source code",
	journal =	"IEEE Computer society, Washington, DC, USA",
	volume	=	"IWPC '98: Proceedings of the 6th International workshop on program comprehension",
	year	=	"1998"
}
@article{ref-27,
	author  = "V. Blondel and J. Guillaume and R. Lambiotte and E. Lefebvre",
	title   = "Fast unfolding of communities in large networks",
	journal = "Journal of Statistical Mechanics: Theory and Experiment",
	volume  = "P1008",
	year    = "2008",
	DOI		= "https://arxiv.org/pdf/0803.0476.pdf"
}
@article{ref-28,
	author  = "P. D. Meo and E. Ferrara and G. Fiumara and A. Provetti",
	title   = "Generalized Louvain method for community detection in large networks",
	journal = "11th International Conference on Intelligent Systems Design and Applications",
	pages   = "88--93",
	year    = "2011"
}
@article{ref-29,
	author	= "A. Ng and M. Jordan and Y. Weiss",
	title	= "On Spectral Clustering: Analysis and an algorithm",
	journal = "Advances in Neural Information Processing Systems",
	volume	= "14",
	year	= "2001"
}
@article{ref-30,
	author  = "U. Brandes and D. Delling and M. Gaertler and R. Gorke and M. Hoefer and Z. Nikoloski and D. Wagner",
	title	= "On finding graph clusterings with maximum modularity",
	journal = "Graph-Theoretic Concepts in Computer Science",
	pages	= "121--132",
	year	= "2007"
}
@article{ref-31,
	author  = "A. Clauset and M. Newman and C. Moore",
	title	= "Finding community structure in very large networks",
	journal	= "Physical Review E",
	volume	= "70",
	number	= "6",
	pages	= "66--111",
	year	= "2004",
	DOI		= "10.1103/PhysRevE.70.066111"
}
@article{ref-32,
	author  = "J. Duch and A. Arenas",
	title	= "Community detection in complex networks using external optimization",
	journal	= "Physical Review E",
	volume	= "72",
	number	= "2",
	pages	= "27--104",
	year	= "2005"
}
@article{ref-33,
	author  = "M. Newman and E. Leicht",
	title	= "Mixture models and exploratory analysis in networks",
	journal	= "PNAS",
	volume	= "104",
	number	= "23",
	pages	= "9654",
	year	= "2007"
}
@article{ref-34,
	author  = "M. Newman",
	title	= "Finding community structure in networks using the eigenvectors of matrices",
	journal	= "Physical Review E",
	volume	= "74",
	number  = "3",
	pages	= "36--104",
	year	= "2006"
}
@article{ref-35,
	author  = "E. Ferrara and P. D. Meo and G. Fiumara and A. Ricciardello",
	title	= "A novel measure of edge centrality in social networks",
	journal	= "Knowledge Based Systems",
	year	= "2008"
}
@article{ref-36,
	author	= "Y. Dourisboure and F. Geraci and M. Pellegrini",
	title	= "Extraction and classification of dense communities in the web",
	journal	= "WWW'07:Proceeding of the 16th International conference on the World Wide Web, ACM, NY, USA",
	pages	= "461--470",
	year	= "2007"
}
@article{ref-37,
	author	= "K.P. Reddy and M. Kitsuregawa and P. Sreekanth and S.S. Rao",
	title	= "A graph based approach to extract a neighborhood customer community for collaborative filtering",
	journal = "DNIS'02: Proceeding of the Second International Workshop on Databases in Networked Information Systems, Springer-Verlag, London, UK",
	pages	= "188--200",
	year	= "2002"
}
@article{ref-38,
	author	= "Andre B. Bondi",
	title	= "Characteristics of scalability and their impact on performance",
	journal	= "Proceedings of the second international workshop on Software and performance – WOSP",
	pages	= "195--203",
	year	= "2010",
	DOI		= "10.1145/350391.350432"
}
@article{ref-39,
	author	=	"H. Wang and D. Zheng and R. Burns and C. Priebe",
	title	=	"Active Community Detection in Massive Graphs",
	journal	=	"SDM-Networks 2015",
	volume	=	"1",
	number	= 	"1",
	pages	=	"1--8",
	year	=	"2015"
}
@article{ref-40,
	author	=	"J. Yli-Huumo and D. Ko and S. Choi and S. Park and K. Smolander",
	title	=	"Where Is Current Research on Blockchain Technology?—A Systematic Review",
	journal	=	"PLoS ONE",
	volume	=	"11",
	number	=	"10",
	pages	=	"1--27",
	year	=	"2016",
	DOI		=	"https://doi.org/10.1371/journal.pone.0163477"
}
@article{ref-41,
	author	=	"C. G. Akcora and Y. R. Gel and M. Kantarcioglu",
	title	=	"Blockchain: A Graph Primer",
	journal	=	"",
	volume	=	"1",
	number	=	"1",
	pages	=	"1--16",
	year	=	"2017",
	DOI		=	"https://blog.blockonomics.co/blockchain-a-graph-primer-6872e8ce9f1b"
}
@article{ref-42,
	author	=	"Ludvig Bohlin and Daniel Edler and Andrea Lancichinetti, and Martin Rosvall",
	title	=	"Community detection and visualization of networks with the map equation framework",
	journal	=	"Integrated Science Lab, Department of Physics, Umeå University, SE-901 87 Umeå, Sweden",
	volume	=	"1",
	pages	=	"1--19",
	year	=	"2014"
}
@article{ref-43,
	author	=	"Martin Rosvall and Daniel Axelsson and Carl T. Bergstrom",
	title	=	"The map equation",
	journal	=	"Eur. Phys. J. Special Topics",
	volume	=	"178",
	number	=	"13",
	pages	=	"13--23",
	year	=	"2009"
}
@article{ref-44,
	author	=	"DAVID A. HUFFMAN",
	title	=	"A Method for the Construction of Minimum-Redundancy Codes",
	journal	=	"Proceeding of the I.R.E.",
	volume	=	"40",
	pages	=	"1098--1101",
	year 	=	"1952"
}
@article{ref-45,
	author	=	"C. E. Shannon",
	title	=	"A Mathematical Theory of Communication",
	journal	=	"The Bell System Technical Journal",
	volume	=	"27",
	number	=	"3",
	pages	=	"379–-423, 623–-656",
	year 	=	"1948"
}
@article{ref-46,
	author	=	"Martin Rosvall and Alcides V. Esquivel and Andrea Lancichinetti and Jevin D. West and Renaud Lambiotte",
	title	=	"Memory in network flows and its effects on spreading dynamics and community detection",
	journal	=	"Nature Communications",
	volume	=	"5",
	number	=	"4630",
	pages	=	"1--27",
	year 	=	"2014"
}
@online{ref-47,
	author	=	"http://www.mapequation.org",
	title 	=	"The Map Equation",
	url		=	"http://www.mapequation.org/code.html"
	
}
@article{ref-48,
	author	=	"Fang Hu and Yuhua Liu",
	title	=	"A novel algorithm Infomap-SA of Detecting Communities in complex network",
	journal	=	"Journal Of Communications",
	volume	=	"10",
	number	=	"7",
	pages	=	"503--511",
	year 	=	"2015"
}
@article{ref-49,
	author	= 	"Zhao Yang and Rene Algesheimer and Claudio J. Tessone",
	title	= 	"A comparative Analysis of Community Detection Algorithms on Artificial Networks",
	journal	=	"Scientific Reports",
	volume	=	"6",
	number	=	"30750",
	pages	=	"1--16",
	year  	=	"2016",
	DOI		= 	"10.1038/srep30750"
}
@article{ref-50,
	author	=	"Gunce Orman and Vincent Labatut and Hocine Cherifi",
	title	=	"Comparative Evaluation of Community Detection Algorithms: A Topological Approach",
	journal	=	"Journal of Statistical Mechanics: Theory and Experiment, IOP SCience",
	volume	=	"08",
	number	=	"1",
	pages	=	"1--16",
	year	    =	"2012",
	DOI		=	"10.1088/1742-5468/2012/08/P08001"
}
@article{ref-51,
	author	=	"Andrea Lancichinetti and Santo Fortunato",
	title	=	"Community Detection algorithms: A comparative analysis",
	journal	=	"Physical Review",
	volume	=	"80",
	number	= 	"056117",
	pages	=	"1--11",
	year	    =	"2009",
	DOI		=	"10.1103/PhysRevE.80.056117"
}
@article{ref-52,
	author	=	"J. Hopcroft and O.khan and B. Kulis and B. Selman",
	title	=	"Tracking evolving communities in large linked networks",
	journal	=	"Proc. Natl. Acad. Sci. USA",
	volume	=	"101",
	number	= 	"1",
	pages	=	"5249--5253",
	year 	=	"2004",
	DOI		=	"10.1073/pnas.0307750100"
}
@article{ref-53,
	author	= 	"J. Sun and C. Faloutsos and S. Papadimitriou and P. S. Yu",
	title	= 	"Graphscope: Parameter-free mining of large time-evolving graphs",
	journal	= 	"KDD '07: Proceeding of the 13th ACM SIGKDD International conference on Knowledge
	Discovery and Data Mining, ACM, Newyork, USA",
	volume	= 	"1",
	number	= 	"1",
	pages	= 	"687--696",
	year		= 	"2007",
	DOI		= 	"10.1145/1281192.1281266"
}
@book{ref-54,
	author	=	"P. D. Grunwald and I. J. Myung and M. A. Pitt",
	title	= 	"Advances in Minimum Description Length: Theory and Applications",
	publisher= 	"MIT Press, Cambridge, USA",
	year		=	"2005"
}
@article{ref-55,
	author	=	"D. J. Fenn and M. A. Porter and M. McDonald and S.Williams, N. F. Johnson and N. F. 		Jones",
	title	=	"Dynamic communities in multichannel data: An application to the foreign exchange 			market during the 2007-2008 credit crisis",
	jouranl	=	"Chaos",
	volume	=	"19",
	number	=	"3",
	pages	=	"033119",
	year		=	"2009",
	DOI		=	""
}
@article{ref-56,
	author 	= 	"R. Guimera and L. A. N. Amaral",
	title	=	"Functional cartography of complex metabolic networks",
	journal	=	"Nature",
	volume	=	"433",
	number	=	"03288",
	pages	=	"895--900",
	year		=	"2005",
	DOI		=	"10.1038/nature03288"
}
@article{ref-57,
	author	=	"L. Lovasz",
	title	=	"Random walks on graph: A survey",
	journal	=	"Bolyai Society Mathematical Studies",
	volume	=	"2",
	number	=	"1",
	pages	=	"1--46",
	year		=	"1993"
}
@article{ref-58,
	author	=	"W. W. Zachary",
	title	=	"An information flow model for conflict and fission in small groups",
	journal	=	"J. anthropol. Res.",
	volume	=	"33",
	number	=	"1",
	pages	=	"452--473",
	year		=	"1977"
}